|0000|018|0|01042024|30042024|SUPERMERCADO ZONA SUL SA F16|33381286000585||RJ|77387293|3304557|||A|1|
|0001|0|
|0005|ZS FIL16|22431080|RUA DIAS FERREIRA|320|LJS A/B/C/|LEBLON|2125296889|2125296889||
|0100|LIGIA MARIA ARAUJO DE ARAGAO|96135344749|RJ56728/O-7||21021020|R COMANDANTE VERGUEIRO DA CRUZ|226||OLARIA|2122091255||laragao@zonasul.com.br|3304557|
|0150|3050|SUPER MERCADO ZONA SUL S/A|01058|33381286000151||81916527|3304557||R CMDTE VERGUEIRO DA CRUZ|226||OLARIA|
|0150|3166|SUPER MERCADO ZONA SUL S/A|01058|33381286000151||81916527|3304557||R CMDTE VERGUEIRO DA CRUZ|226||OLARIA|
|0150|81507|LIGHT SERV DE ELTRICIDADE S/A|01058|60444437000146||81380023|3304557||AV MARECHAL FLORIANO|168||CENTRO|
|0150|123960|CIA DIST DE GAS DO RJ - CEG|01058|33938119000240||83409738|3304557||AV PEDRO II|1200||SAO CRISTOVAO|
|0150|382906|RICOH BRASIL S|01058|33597659001602||206424259114|3505708||AVN CENCI , 286|286||TAMBORE|
|0150|449520|ENEL TRADING BRASIL S.A|01058|30248458000125||11625169|3304557||PRC LEONI RAMOS, 01 BLOCO: 2|01||SANTO CRISTO|
|0150|455040|AGUAS DO RIO 4 SPE S.A|01058|42310775000103|||3304557||AV BARAO DE TEFE 34|34||SAUDE|
|0150|481726|BRS SP SUPRIMENTOS CORPORATIVOS S/A|01058|03746938001549||799717070113|3548708||R JOSE MARTINS FERNANDES 601|601||BATISTINI|
|0190|CX|CAIXA|
|0190|DZ|DUZIA|
|0190|KG|KILOGRAMA|
|0190|KW|QUILOWATT|
|0190|LA|LATA|
|0190|PL|PALETE|
|0190|PL0012|PL COM 0012|
|0190|UN|UNIDADE|
|0200|10510|ABOBRINHA ITALIANA KG|||KG|00|07032090||07||20,00||
|0220|UN|1||
|0221|10510|1|
|0200|10650|PIMENTAO VERDE KG|||KG|00|07096000||07||22,00||
|0220|UN|1||
|0221|10650|1|
|0200|17019|QUEIJO PROV TANIA DEF F05 KG|||KG|00|04069010||04||20,00|1702400|
|0220|UN|1||
|0221|17019|1|
|0200|27030|SALMAO INTEIRO KG|||KG|00|03021400||03||22,00||
|0220|UN|1||
|0221|27030|1|
|0200|29491|CAMARAO CINZA GRAUDO CONGEL CIA PEIXE KG|||KG|00|03061690||03||2,00||
|0220|CX|1||
|0220|UN|1||
|0221|29491|1|
|0200|36919|TOMATE KG|||KG|00|07020000||07||22,00||
|0220|UN|1||
|0221|36919|1|
|0200|38393|CEBOLA ROXA KG|||KG|00|07031019||07||20,00||
|0220|UN|1||
|0221|38393|1|
|0200|54178|FILE DE SALMAO RESF CIA DO PEIXE KG|||KG|00|03021300||03||22,00||
|0220|UN|1||
|0221|54178|1|
|0200|90719|QJO GORG G MESTRI F3,3 KG|0090719||KG|00|04064000||04||22,00||
|0220|UN|1||
|0221|90719|1|
|0200|110639|OVOS BCO GRANDE DZ UN|7896982110041||DZ|00|04072100||04||22,00||
|0220|UN|1||
|0221|110639|1|
|0200|117854|ATUM SOLIDO GOMES COSTA OLEO 170G|7891167011731||LA|00|16041410||16||20,00||
|0220|CX|1||
|0220|UN|1||
|0221|117854|1|
|0200|159093|LUVA TERMICA (FRIO)C.A 41784-18664 38049|31590938||UN|00|40151900||40||20,00|1301200|
|0221|159093|1|
|0200|159204|MEIAO TERMICO (FRIO) C.A 28.954|31592048||UN|00|61159900||61||20,00||
|0221|159204|1|
|0200|160628|GRAMPO 26/6|7899381408856||UN|00|73181500||73||20,00|1005800|
|0221|160628|1|
|0200|195480|OLEO DE GERGELIM MIYAKO 100ML|7896091301583||UN|00|15155000||15||20,00|1707500|
|0220|CX|1||
|0220|PL|1||
|0220|PL0012|12||
|0221|195480|1|
|0200|196673|OVOS BCO CARTELA 30UN|7896982100127||UN|00|04072100||04||20,00||
|0221|196673|1|
|0200|206598|CAMISA SOCIAL SEMP AZUL M/C UNISEX PP|32065985||UN|00|62059090||62||20,00||
|0221|206598|1|
|0200|206636|CAMISA SOCIAL SEMP AZUL M/C UNISEX M|32066364||UN|00|62059090||62||20,00||
|0221|206636|1|
|0200|206679|CAMISA SOCIAL SEMP AZUL M/C UNISEX G|32066791||UN|00|62059090||62||20,00||
|0221|206679|1|
|0200|250830|TOMATE GRAPE 300G|7898930266015||UN|00|07020000||07||20,00||
|0221|250830|1|
|0200|259799|BOTA FLEX CANO CT (260mm) BC 32167 N.38|32597998||UN|00|64029990||64||20,00||
|0221|259799|1|
|0200|351415|VALVULA SCHRATER 1/4NPC SAE SOLDA UN|33514154||UN|00|84818099||84||20,00|1007900|
|0221|351415|1|
|0200|355054|TOMATE SWEET GRAPE 180G|7898946244038||UN|00|07020000||07||20,00||
|0221|355054|1|
|0200|511595|CALCA SOCIAL SEMP BCA FEM 38|35115953||UN|00|62046900||62||22,00||
|0221|511595|1|
|0200|511617|CALCA SOCIAL SEMP BCA FEM 42|35116172||UN|00|62046900||62||22,00||
|0221|511617|1|
|0200|573345|CALCA SOCIAL TERBRIM CAQUI FEM 42|35733454||UN|00|62046900||62||20,00||
|0221|573345|1|
|0200|573787|JAPONA TERMICA (FRIO) C.A 10975 G|35737872||UN|00|62019000||62||20,00||
|0221|573787|1|
|0200|573841|AVENTAL NAPA BCO C.A 40.172 / 37728|35738411||UN|00|62171000||62||20,00||
|0221|573841|1|
|0200|594121|CALCA SOCIAL SEMP BCA FEM 44|35941217||UN|00|62046900||62||20,00||
|0221|594121|1|
|0200|605980|ESTILETE LARGO 18MM MAPED|7899381055302||UN|00|82119290||82||20,00|0801700|
|0221|605980|1|
|0200|622303|CANETA P/RETROPROJETOR PRETA 2MM UN|7897424080878||UN|00|96082000||96||18,00|1902800|
|0221|622303|1|
|0200|676365|AVENTAL TERBRIM VERM S/PEITO|36763658||UN|00|62171000||62||20,00||
|0221|676365|1|
|0200|692441|FREEZER HORIZ HA30 C/BACK LIGHT - LB|36924417||UN|00|84185010||84||20,00|2100700|
|0221|692441|1|
|0200|723975|OCULOS PROT TRANSP CA 6942/ 14759/18069|37239756||UN|00|90049020||90||20,00||
|0221|723975|1|
|0200|5000530|CHECK OUT|3000050005304||UN|00|84732920||84||20,00||
|0221|5000530|1|
|0200|5053374|AVENTAL ATTIVITA VERM C/PEITO|3000050533746||UN|00|62171000||62||20,00||
|0221|5053374|1|
|0200|5067189|PADARIA MADEIRA FREIJO|3000050671899||UN|00|44189900||44||18,00||
|0221|5067189|1|
|0200|5073944|BLUSAO TWILL SOFT BCO GOLA PADRE FEM XG|3000050739445||UN|00|61069000||61||20,00||
|0221|5073944|1|
|0200|5073952|BLUSAO TWILL SOFT BCO GOLA PADRE MASC M|3000050739520||UN|00|61059000||61||20,00||
|0221|5073952|1|
|0200|5074029|CALCA ELASTICO TERBRIM BCA FEM G|3000050740298||UN|00|61034900||61||20,00||
|0221|5074029|1|
|0200|5074045|CALCA ELASTICO TERBRIM BCA FEM XG|3000050740458||UN|00|61034900||61||20,00||
|0221|5074045|1|
|0200|5075564|IMPRESSORA TERMICA EPSON TM T20|3000050755643||UN|00|84433299||84||20,00|2101700|
|0221|5075564|1|
|0200|5081980|SENSOR BIOMETRICO BIOTOUCH FS80H|3000050819802||UN|00|84719014||84||20,00|2103400|
|0221|5081980|1|
|0200|5104785|GUIA DO DUPLEX|3000051047853||UN|00|84439939||84||20,00|2101800|
|0221|5104785|1|
|0200|5250340|SAPATO STICKY SHOES PT FEM. N 38 CA39848|3000052503402||UN|00|64041900||64||20,00||
|0221|5250340|1|
|0200|5250366|SAPATO STICKY SHOES PT FEM. N 40 CA39848|3000052503662||UN|00|64041900||64||20,00||
|0221|5250366|1|
|0200|5256348|ENERGIA CONTRATADA NACIONAL (MW)|3000052563482||KW|00|27160000||27||30,00||
|0221|5256348|1|
|0200|5262402|COPO DESCARTAVEL 180ML TIRA C/100 UN|7896322700475||UN|00|39241000||39||18,00|1400601|
|0221|5262402|1|
|0200|5278066|FITA ADESIVA 3M 45X45 5802 HOT MELT TRAN|7899381038138||UN|00|59061000||59||20,00|0109000|
|0221|5278066|1|
|0200|5401577|GUIA DE SAIDA DE PAPEL DO DUPLEX|3000054015774||UN|00|84439939||84||20,00||
|0221|5401577|1|
|0400|001|USO/ATIVO - TRIBUTADO 20%|
|0400|086|LIGHT 30% DE ICMS|
|0400|259|USO/CONSUMO C/ S.T|
|0400|260|USO/ATIVO - ST 4%|
|0400|781|USO/ATIVO 4% DE ICMS|
|0450|NFFECP|NOTA FISCAL COM FECOP / FECOP-ST|
|0450|NFECPL|INFORMACOES COMPLEMENTARES DA NOTA FISCAL|
|0450|NFEXML|NOTA FISCAL DE ENTRADA - IMPORTACAO XML|
|0990|145|
|B001|1|
|B990|2|
|C001|0|
|C100|0|1|3050|55|00|055|7163062|33240333381286000151550550071630621519156642|28032024|01042024|150,00|2|0,00|0,00|150,00|9|0,00|0,00|0,00|0,00|0,00|0,00|0,00|0,00|0,00|0,00|0,00|0,00|
|C110|NFECPL|CAUT: 119778 NF SEM FECP|
|C170|1|5073952|BLUSAO TWILL SOFT BCO GOLA PADRE MASC M|3,000|UN|150,00|0,00|0|090|1557|001|0,00|0,00|0,00|0,00|0,00|0,00|0|||0,00|0,00|0,00|74|0,00|0,0000|||0,00|74|0,00|0,0000|||0,00||0,00|
|C190|090|1557|0,00|150,00|0,00|0,00|0,00|0,00|0,00|0,00||
|C100|0|1|3050|55|00|055|7167245|33240433381286000151550550071672451467681816|02042024|03042024|76,24|2|0,00|0,00|76,24|9|0,00|0,00|0,00|0,00|0,00|0,00|0,00|0,00|0,00|0,00|0,00|0,00|
|C110|NFECPL|CAUT: 119868 NF SEM FECP|
|C170|1|159204|MEIAO TERMICO (FRIO) C.A 28.954|2,000|UN|30,61|0,00|0|090|1557|001|0,00|0,00|0,00|0,00|0,00|0,00|0|||0,00|0,00|0,00|74|0,00|0,0000|||0,00|74|0,00|0,0000|||0,00||0,00|
|C170|2|573841|AVENTAL NAPA BCO C.A 40.172 / 37728|2,000|UN|39,80|0,00|0|090|1557|001|0,00|0,00|0,00|0,00|0,00|0,00|0|||0,00|0,00|0,00|74|0,00|0,0000|||0,00|74|0,00|0,0000|||0,00||0,00|
|C170|3|723975|OCULOS PROT TRANSP CA 6942/ 14759/18069|1,000|UN|5,83|0,00|0|090|1557|781|0,00|0,00|0,00|0,00|0,00|0,00|0|||0,00|0,00|0,00|74|0,00|0,0000|||0,00|74|0,00|0,0000|||0,00||0,00|
|C190|090|1557|0,00|76,24|0,00|0,00|0,00|0,00|0,00|0,00||
|C100|0|1|3050|55|00|055|7172990|33240433381286000151550550071729901564457784|08042024|09042024|867,35|2|0,00|0,00|867,35|9|0,00|0,00|0,00|0,00|0,00|0,00|0,00|0,00|0,00|0,00|0,00|0,00|
|C110|NFECPL|CAUT: 118131-118385-118381-118335-118333-118438-118452 NF SEM FECP|
|C170|1|5074029|CALCA ELASTICO TERBRIM BCA FEM G|16,000|UN|800,00|0,00|0|090|1557|001|0,00|0,00|0,00|0,00|0,00|0,00|0|||0,00|0,00|0,00|74|0,00|0,0000|||0,00|74|0,00|0,0000|||0,00||0,00|
|C170|2|5250340|SAPATO STICKY SHOES PT FEM. N 38 CA39848|1,000|UN|67,35|0,00|0|090|1557|001|0,00|0,00|0,00|0,00|0,00|0,00|0|||0,00|0,00|0,00|74|0,00|0,0000|||0,00|74|0,00|0,0000|||0,00||0,00|
|C190|090|1557|0,00|867,35|0,00|0,00|0,00|0,00|0,00|0,00||
|C100|0|1|3050|55|00|055|7184635|33240433381286000151550550071846351761219678|19042024|25042024|67,35|2|0,00|0,00|67,35|9|0,00|0,00|0,00|0,00|0,00|0,00|0,00|0,00|0,00|0,00|0,00|0,00|
|C110|NFECPL|CAUT: 120828 NF SEM FECP|
|C170|1|5250366|SAPATO STICKY SHOES PT FEM. N 40 CA39848|1,000|UN|67,35|0,00|0|090|1557|001|0,00|0,00|0,00|0,00|0,00|0,00|0|||0,00|0,00|0,00|74|0,00|0,0000|||0,00|74|0,00|0,0000|||0,00||0,00|
|C190|090|1557|0,00|67,35|0,00|0,00|0,00|0,00|0,00|0,00||
|C100|0|1|3050|55|00|055|7191174|33240433381286000151550550071911741742489720|26042024|29042024|320,92|2|0,00|0,00|320,92|9|0,00|0,00|0,00|0,00|0,00|0,00|0,00|0,00|0,00|0,00|0,00|0,00|
|C110|NFECPL|CAUT: 121070 NF SEM FECP|
|C170|1|259799|BOTA FLEX CANO CT (260mm) BC 32167 N.38|1,000|UN|43,78|0,00|0|090|1557|001|0,00|0,00|0,00|0,00|0,00|0,00|0|||0,00|0,00|0,00|74|0,00|0,0000|||0,00|74|0,00|0,0000|||0,00||0,00|
|C170|2|573841|AVENTAL NAPA BCO C.A 40.172 / 37728|1,000|UN|20,00|0,00|0|090|1557|001|0,00|0,00|0,00|0,00|0,00|0,00|0|||0,00|0,00|0,00|74|0,00|0,0000|||0,00|74|0,00|0,0000|||0,00||0,00|
|C170|3|5073944|BLUSAO TWILL SOFT BCO GOLA PADRE FEM XG|2,000|UN|100,00|0,00|0|090|1557|001|0,00|0,00|0,00|0,00|0,00|0,00|0|||0,00|0,00|0,00|74|0,00|0,0000|||0,00|74|0,00|0,0000|||0,00||0,00|
|C170|4|5074045|CALCA ELASTICO TERBRIM BCA FEM XG|2,000|UN|100,00|0,00|0|090|1557|001|0,00|0,00|0,00|0,00|0,00|0,00|0|||0,00|0,00|0,00|74|0,00|0,0000|||0,00|74|0,00|0,0000|||0,00||0,00|
|C170|5|5053374|AVENTAL ATTIVITA VERM C/PEITO|2,000|UN|57,14|0,00|0|090|1557|001|0,00|0,00|0,00|0,00|0,00|0,00|0|||0,00|0,00|0,00|74|0,00|0,0000|||0,00|74|0,00|0,0000|||0,00||0,00|
|C190|090|1557|0,00|320,92|0,00|0,00|0,00|0,00|0,00|0,00||
|C100|0|1|3166|55|00|055|7167265|33240433381286000151550550071672651985535992|02042024|03042024|0,01|2|0,00|0,00|0,01|9|0,00|0,00|0,00|0,00|0,00|0,00|0,00|0,00|0,00|0,00|0,00|0,00|
|C110|NFECPL|CAUT: 119868 NF SEM FECP|
|C170|1|159093|LUVA TERMICA (FRIO)C.A 41784-18664 38049|1,000|UN|0,01|0,00|0|090|1557|781|0,00|0,00|0,00|0,00|0,00|0,00|0|||0,00|0,00|0,00|74|0,00|0,0000|||0,00|74|0,00|0,0000|||0,00||0,00|
|C190|090|1557|0,00|0,01|0,00|0,00|0,00|0,00|0,00|0,00||
|C100|0|1|382906|55|00|010|254037|35240233597659001602550100002540371000326444|23022024|16042024|286,55|1|0,00|0,00|286,55|9|0,00|0,00|0,00|0,00|0,00|0,00|0,00|0,00|0,00|0,00|0,00|0,00|
|C170|1|5104785|GUIA DO DUPLEX|1,000|UN|208,38|0,00|0|090|2949|001|0,00|0,00|0,00|0,00|0,00|0,00|0|||0,00|0,00|0,00|74|0,00|0,0000|||0,00|74|0,00|0,0000|||0,00||0,00|
|C170|2|5401577|GUIA DE SAIDA DE PAPEL DO DUPLEX|1,000|UN|78,17|0,00|0|090|2949|001|0,00|0,00|0,00|0,00|0,00|0,00|0|||0,00|0,00|0,00|74|0,00|0,0000|||0,00|74|0,00|0,0000|||0,00||0,00|
|C190|090|2949|0,00|286,55|0,00|0,00|0,00|0,00|0,00|0,00||
|C100|0|1|449520|55|00|001|117436|33240430248458000125550010001174361012395600|03042024|04042024|224,76|1|0,00|0,00|224,76|9|0,00|0,00|0,00|0,00|0,00|0,00|0,00|0,00|3,70|17,08|0,00|0,00|
|C170|1|5256348|ENERGIA CONTRATADA NACIONAL (MW)|2,000|KW|224,76|0,00|0|051|1253|086|0,00|0,00|0,00|0,00|0,00|0,00|0|||0,00|0,00|0,00|50|224,76|1,6500|||3,70|50|224,76|7,6000|||17,08|310110020000001|0,00|
|C190|051|1253|0,00|224,76|0,00|0,00|0,00|0,00|0,00|0,00||
|C100|0|1|449520|55|00|001|117459|33240430248458000125550010001174591012395834|03042024|04042024|12990,95|1|0,00|0,00|12990,95|9|0,00|0,00|0,00|0,00|0,00|0,00|0,00|0,00|214,35|987,31|0,00|0,00|
|C170|1|5256348|ENERGIA CONTRATADA NACIONAL (MW)|61,000|KW|12990,95|0,00|0|051|1253|086|0,00|0,00|0,00|0,00|0,00|0,00|0|||0,00|0,00|0,00|50|12990,95|1,6500|||214,35|50|12990,95|7,6000|||987,31|310110020000001|0,00|
|C190|051|1253|0,00|12990,95|0,00|0,00|0,00|0,00|0,00|0,00||
|C100|0|1|481726|55|00|005|315171|35240203746938001549550050003151711267395650|26022024|19042024|729,43|1|0,00|0,00|729,43|9|0,00|0,00|0,00|0,00|0,00|0,00|0,00|0,00|0,00|0,00|0,00|0,00|
|C110|NFEXML|ICMS RETIDO NA FONTE POR SUBST. TRIBUTARIA COM BASE: 671,70 E VALOR: 48,32 VALOR FCP ST: 12,82|
|C110|NFFECP|/ BC FCP ST 640,58 - Valor FCP ST 12,82|
|C170|1|622303|CANETA P/RETROPROJETOR PRETA 2MM UN|10,000|UN|31,12|0,00|0|060|2407|259|0,00|0,00|0,00|0,00|0,00|0,00|0|||0,00|0,00|0,00|74|0,00|0,0000|||0,00|74|0,00|0,0000|||0,00|31090501|0,00|
|C170|2|5278066|FITA ADESIVA 3M 45X45 5802 HOT MELT TRAN|5,000|UN|25,50|0,00|0|090|2556|001|0,00|0,00|0,00|0,00|0,00|0,00|0|||0,00|0,00|0,00|74|0,00|0,0000|||0,00|74|0,00|0,0000|||0,00|31090501|0,00|
|C170|3|5262402|COPO DESCARTAVEL 180ML TIRA C/100 UN|150,000|UN|630,30|0,00|0|060|2407|259|0,00|0,00|0,00|0,00|0,00|0,00|0|||0,00|0,00|0,00|74|0,00|0,0000|||0,00|74|0,00|0,0000|||0,00|31090501|0,00|
|C170|4|605980|ESTILETE LARGO 18MM MAPED|5,000|UN|10,29|0,00|0|260|2407|260|0,00|0,00|0,00|0,00|0,00|0,00|0|||0,00|0,00|0,00|74|0,00|0,0000|||0,00|74|0,00|0,0000|||0,00|31090501|0,00|
|C170|5|160628|GRAMPO 26/6|5,000|UN|32,22|0,00|0|290|2556|781|0,00|0,00|0,00|0,00|0,00|0,00|0|||0,00|0,00|0,00|74|0,00|0,0000|||0,00|74|0,00|0,0000|||0,00|31090501|0,00|
|C190|060|2407|0,00|661,42|0,00|0,00|0,00|0,00|0,00|0,00||
|C190|090|2556|0,00|25,50|0,00|0,00|0,00|0,00|0,00|0,00||
|C190|260|2407|0,00|10,29|0,00|0,00|0,00|0,00|0,00|0,00||
|C190|290|2556|0,00|32,22|0,00|0,00|0,00|0,00|0,00|0,00||
|C500|0|1|81507|06|00|002||02|147010|01042024|03042024|37653,31|0,00|37653,31|0,00|0,00|0,00|0,00|0,00|0,00|0,00||621,27|2861,65||||||||310110020000001||||||||
|C590|090|1253|0,00|37653,31|0,00|0,00|0,00|0,00|0,00||
|C500|0|1|81507|06|00|002||02|151249|15042024|19042024|4133,69|0,00|4133,69|0,00|0,00|0,00|0,00|0,00|0,00|0,00||68,20|314,16||||||||310110020000001||||||||
|C590|090|1253|0,00|4133,69|0,00|0,00|0,00|0,00|0,00||
|C500|0|1|123960|28|00|001||02|69682977|18042024|25042024|14593,95|0,00|14593,95|0,00|0,00|0,00|0,00|0,00|0,00|0,00||0,00|0,00||||||||511002050000001||||||||
|C590|090|1949|0,00|14593,95|0,00|0,00|0,00|0,00|0,00||
|C500|0|1|455040|29|00|001||02|237535|25032024|04042024|26224,31|0,00|26224,31|0,00|0,00|0,00|0,00|0,00|0,00|0,00||0,00|0,00||||||||310110030000001||||||||
|C590|090|1933|0,00|26224,31|0,00|0,00|0,00|0,00|0,00||
|C990|63|
|D001|1|
|D990|2|
|E001|0|
|E100|01042024|30042024|
|E110|0,00|0,00|0,00|0,00|0,00|0,00|0,00|0,00|0,00|0,00|0,00|0,00|0,00|0,00|
|E200|RJ|01042024|30042024|
|E210|0|0,00|0,00|0,00|0,00|0,00|0,00|0,00|0,00|0,00|0,00|0,00|0,00|0,00|
|E200|SP|01042024|30042024|
|E210|0|0,00|0,00|0,00|0,00|0,00|0,00|0,00|0,00|0,00|0,00|0,00|0,00|0,00|
|E990|8|
|G001|1|
|G990|2|
|H001|0|
|H005|30042024|28551,64|01|
|H010|10510|KG|0,020|3,500000|0,07|0||ABOBRINHA ITALIANA KG|110205|0,07|
|H010|10650|KG|0,015|5,333333|0,08|0||PIMENTAO VERDE KG|110205|0,08|
|H010|17019|KG|9,948|30,407117|302,49|0||QUEIJO PROV TANIA DEF F05 KG|110205|302,49|
|H010|27030|KG|2,490|53,188755|132,44|0||SALMAO INTEIRO KG|110205|132,44|
|H010|29491|KG|0,705|45,361702|31,98|0||CAMARAO CINZA GRAUDO CONGEL CIA PEIXE KG|110205|31,98|
|H010|36919|KG|54,300|10,165930|552,01|0||TOMATE KG|110205|552,01|
|H010|38393|KG|0,015|6,666667|0,10|0||CEBOLA ROXA KG|110205|0,10|
|H010|54178|KG|1,600|78,175000|125,08|0||FILE DE SALMAO RESF CIA DO PEIXE KG|110205|125,08|
|H010|90719|KG|0,172|27,267442|4,69|0||QJO GORG G MESTRI F3,3 KG|110205|4,69|
|H010|110639|DZ|1,000|6,000000|6,00|0||OVOS BCO GRANDE DZ UN|110205|6,00|
|H010|117854|LA|48,000|6,906875|331,53|0||ATUM SOLIDO GOMES COSTA OLEO 170G|110205|331,53|
|H010|195480|UN|12,000|9,756667|117,08|0||OLEO DE GERGELIM MIYAKO 100ML|110205|117,08|
|H010|196673|UN|1,000|11,500000|11,50|0||OVOS BCO CARTELA 30UN|110205|11,50|
|H010|206598|UN|4,000|19,080000|76,32|0||CAMISA SOCIAL SEMP AZUL M/C UNISEX PP|110205|76,32|
|H010|206636|UN|2,000|19,080000|38,16|0||CAMISA SOCIAL SEMP AZUL M/C UNISEX M|110205|38,16|
|H010|206679|UN|6,000|19,080000|114,48|0||CAMISA SOCIAL SEMP AZUL M/C UNISEX G|110205|114,48|
|H010|250830|UN|0,055|4,181818|0,23|0||TOMATE GRAPE 300G|110205|0,23|
|H010|351415|UN|2,000|3,630000|7,26|0||VALVULA SCHRATER 1/4NPC SAE SOLDA UN|110205|7,26|
|H010|355054|UN|6,000|4,181667|25,09|0||TOMATE SWEET GRAPE 180G|110205|25,09|
|H010|511595|UN|5,000|22,960000|114,80|0||CALCA SOCIAL SEMP BCA FEM 38|110205|114,80|
|H010|511617|UN|13,000|22,960000|298,48|0||CALCA SOCIAL SEMP BCA FEM 42|110205|298,48|
|H010|573345|UN|2,000|35,250000|70,50|0||CALCA SOCIAL TERBRIM CAQUI FEM 42|110205|70,50|
|H010|573787|UN|9,000|98,920000|890,28|0||JAPONA TERMICA (FRIO) C.A 10975 G|110205|890,28|
|H010|594121|UN|3,000|22,960000|68,88|0||CALCA SOCIAL SEMP BCA FEM 44|110205|68,88|
|H010|676365|UN|59,000|26,320000|1552,88|0||AVENTAL TERBRIM VERM S/PEITO|110205|1552,88|
|H010|692441|UN|1,000|1361,250000|1361,25|0||FREEZER HORIZ HA30 C/BACK LIGHT - LB|110205|1361,25|
|H010|5000530|UN|1,000|680,000000|680,00|0||CHECK OUT|110205|680,00|
|H010|5067189|UN|1,000|20000,000000|20000,00|0||PADARIA MADEIRA FREIJO|110205|20000,00|
|H010|5075564|UN|2,000|586,765000|1173,53|0||IMPRESSORA TERMICA EPSON TM T20|110205|1173,53|
|H010|5081980|UN|1,000|464,450000|464,45|0||SENSOR BIOMETRICO BIOTOUCH FS80H|110205|464,45|
|H990|33|
|K001|0|
|K010|2|
|K100|01042024|30042024|
|K990|4|
|1001|0|
|1010|N|N|N|N|N|N|N|N|N|N|N|N|N|
|1990|3|
|9001|0|
|9900|0000|1|
|9900|0001|1|
|9900|0005|1|
|9900|0100|1|
|9900|0150|8|
|9900|0190|8|
|9900|0200|50|
|9900|0220|16|
|9900|0221|50|
|9900|0400|5|
|9900|0450|3|
|9900|0990|1|
|9900|1001|1|
|9900|1010|1|
|9900|1990|1|
|9900|B001|1|
|9900|B990|1|
|9900|C001|1|
|9900|C100|10|
|9900|C110|8|
|9900|C170|22|
|9900|C190|13|
|9900|C500|4|
|9900|C590|4|
|9900|C990|1|
|9900|D001|1|
|9900|D990|1|
|9900|E001|1|
|9900|E100|1|
|9900|E110|1|
|9900|E200|2|
|9900|E210|2|
|9900|E990|1|
|9900|G001|1|
|9900|G990|1|
|9900|H001|1|
|9900|H005|1|
|9900|H010|30|
|9900|H990|1|
|9900|K001|1|
|9900|K010|1|
|9900|K100|1|
|9900|K990|1|
|9900|9001|1|
|9900|9900|47|
|9900|9990|1|
|9900|9999|1|
|9990|50|
|9999|312|
