|0000|018|0|01042024|30042024|SUPERMERCADO ZONA SUL SA F02|33381286000666||RJ|81546142|3304557|||A|1|
|0001|0|
|0005|ZS FIL02|22410001|RUA VISC DE PIRAJA|25|A/B|IPANEMA|2125238005|2125221327||
|0100|LIGIA MARIA ARAUJO DE ARAGAO|96135344749|RJ56728/O-7||21021020|R COMANDANTE VERGUEIRO DA CRUZ|226||OLARIA|2122091255||laragao@zonasul.com.br|3304557|
|0190|UN|UNIDADE|
|0200|189219|MACA IMP FUJY KG|31892193||UN|06|08081000||08||20,00||
|0200|267910|DIFERENCA DE VALOR|32679106||UN|00|22042100||22||20,00|0202400|
|0221|267910|1|
|0200|267961|COMPLEMENTO DE ICM RETIDO|32679618||UN|06|20042100||20||0,00||
|0200|355208|IMPRESSORA FISCAL IFS/9000IIIE UN|33552088||UN|00|84433229||84||20,00|2101700|
|0221|355208|1|
|0990|12|
|B001|1|
|B990|2|
|C001|1|
|C990|2|
|D001|1|
|D990|2|
|E001|0|
|E100|01042024|30042024|
|E110|0,00|0,00|0,00|0,00|0,00|0,00|0,00|0,00|2,46|0,00|0,00|0,00|2,46|0,00|
|E990|4|
|G001|1|
|G990|2|
|H001|0|
|H005|30042024|2334,11|01|
|H010|189219|UN|20,000|3,597000|71,94|0||MACA IMP FUJY KG|110205|71,94|
|H010|267910|UN|4,000|2,135000|8,54|0||DIFERENCA DE VALOR|110205|8,54|
|H010|267961|UN|6,000|1,670000|10,02|0||COMPLEMENTO DE ICM RETIDO|110205|10,02|
|H010|355208|UN|1,000|2243,610000|2243,61|0||IMPRESSORA FISCAL IFS/9000IIIE UN|110205|2243,61|
|H990|7|
|K001|0|
|K010|2|
|K100|01042024|30042024|
|K990|4|
|1001|0|
|1010|N|N|N|N|N|N|N|N|N|N|N|N|N|
|1990|3|
|9001|0|
|9900|0000|1|
|9900|0001|1|
|9900|0005|1|
|9900|0100|1|
|9900|0190|1|
|9900|0200|4|
|9900|0221|2|
|9900|0990|1|
|9900|1001|1|
|9900|1010|1|
|9900|1990|1|
|9900|B001|1|
|9900|B990|1|
|9900|C001|1|
|9900|C990|1|
|9900|D001|1|
|9900|D990|1|
|9900|E001|1|
|9900|E100|1|
|9900|E110|1|
|9900|E990|1|
|9900|G001|1|
|9900|G990|1|
|9900|H001|1|
|9900|H005|1|
|9900|H010|4|
|9900|H990|1|
|9900|K001|1|
|9900|K010|1|
|9900|K100|1|
|9900|K990|1|
|9900|9001|1|
|9900|9900|35|
|9900|9990|1|
|9900|9999|1|
|9990|38|
|9999|76|
