|0000|018|0|01042024|30042024|SUPERMERCADO ZONA SUL SA F39|33381286007083||RJ|87186377|3304557|||A|1|
|0001|0|
|0005|ZS FIL39|20070000|RUA DA ALFANDEGA, 33 LOJA A SL L SU|29||CENTRO|2122091212|||
|0100|LIGIA MARIA ARAUJO DE ARAGAO|96135344749|RJ56728/O-7||21021020|R COMANDANTE VERGUEIRO DA CRUZ|226||OLARIA|2122091255||laragao@zonasul.com.br|3304557|
|0190|KG|KILOGRAMA|
|0190|UN|UNIDADE|
|0200|13986|LIMAO TAHITI KG|||KG|00|08055000||08||22,00||
|0220|UN|1||
|0221|13986|1|
|0200|42498|MACA GALA KG|||KG|00|08081000||08||22,00||
|0220|UN|1||
|0221|42498|1|
|0990|13|
|B001|1|
|B990|2|
|C001|1|
|C990|2|
|D001|1|
|D990|2|
|E001|0|
|E100|01042024|30042024|
|E110|0,00|0,00|0,00|0,00|0,00|0,00|0,00|0,00|0,00|0,00|0,00|0,00|0,00|0,00|
|E990|4|
|G001|1|
|G990|2|
|H001|0|
|H005|30042024|82,86|01|
|H010|13986|KG|7,040|2,390625|16,83|0||LIMAO TAHITI KG|110205|16,83|
|H010|42498|KG|7,000|9,432857|66,03|0||MACA GALA KG|110205|66,03|
|H990|5|
|K001|0|
|K010|2|
|K100|01042024|30042024|
|K990|4|
|1001|0|
|1010|N|N|N|N|N|N|N|N|N|N|N|N|N|
|1990|3|
|9001|0|
|9900|0000|1|
|9900|0001|1|
|9900|0005|1|
|9900|0100|1|
|9900|0190|2|
|9900|0200|2|
|9900|0220|2|
|9900|0221|2|
|9900|0990|1|
|9900|1001|1|
|9900|1010|1|
|9900|1990|1|
|9900|B001|1|
|9900|B990|1|
|9900|C001|1|
|9900|C990|1|
|9900|D001|1|
|9900|D990|1|
|9900|E001|1|
|9900|E100|1|
|9900|E110|1|
|9900|E990|1|
|9900|G001|1|
|9900|G990|1|
|9900|H001|1|
|9900|H005|1|
|9900|H010|2|
|9900|H990|1|
|9900|K001|1|
|9900|K010|1|
|9900|K100|1|
|9900|K990|1|
|9900|9001|1|
|9900|9900|36|
|9900|9990|1|
|9900|9999|1|
|9990|39|
|9999|76|
